3142 5100
659 855 921 930 PRAEFATIO.

312 1154 406 1224 Hunc
440 1152 677 1226 Bibliothecsm
704 1152 1020 1240 Melanthonisnmo,
1055 1151 1145 1223 cuius
1180 1152 1364 1244 cutulogunr

212 1257 296 1358 nunc
334 1291 451 1380 offero,
486 1311 546 1381 per
581 1289 691 1380 plures
727 1265 829 1361 ennos
862 1287 991 1381 mugnis
1015 1286 1172 1378 impensis
1198 1287 1364 1378 multoque

210 1423 323 1496 lebore
363 1423 482 1514 coeni,
524 1426 562 1496 ut
595 1443 666 1496 esm
707 1423 741 1496 in
775 1427 927 1515 promptu
962 1423 1115 1494 haberem
1150 1421 1192 1494 ed
1233 1443 1365 1513 operum

211 1559 430 1632 Melanthonis
464 1559 638 1633 editionem
670 1558 814 1633 criticum
851 1558 885 1630 in
922 1557 1063 1651 Corpore
1101 1556 1365 1630 Resonnetorruu

212 1693 450 1786 perficiendum.
500 1697 593 1768 Hunc
614 1695 835 1769 collectionem
858 1693 986 1768 unicum
1006 1692 1173 1766 nominare
1198 1692 1276 1765 licet
1299 1715 1364 1764 non

211 1831 307 1903 modo
324 1833 459 1922 propter
475 1851 629 1924 magnum
650 1831 806 1904 librorum
821 1851 1000 1920 numerum,
1028 1829 1085 1902 sed
1108 1829 1207 1902 etiem
1231 1830 1365 1922 propter

210 1967 387 2038 multarum
414 1965 606 2058 editionum,
634 1942 726 2060 ¹quoe
750 1966 785 2038 in
810 1989 849 2040 eu
873 1965 1099 2054 inueniuntrn‚
1125 1963 1302 2054 raritatem,
1332 1967 1366 2036 et

139 2073 144 2080 ’
211 2107 292 2177 duos
317 2103 443 2178 codices
464 2105 573 2177 seculo
600 2104 691 2177 XVI.
718 2127 815 2176 manu
842 2105 995 2197 scriptos,
1023 2101 1242 2175 Melanthonis
1268 2103 1363 2174 Post-

207 2240 301 2312 illem
334 2227 553 2328 continentes,
593 2261 665 2312 mee
697 2239 846 2331 opinione
877 2239 973 2311 huius
1009 2237 1116 2330 operis
1141 2238 1272 2326 unicos,
1309 2237 1364 2330 qui

210 2379 394 2468 supersunt.

309 2513 375 2584 llle
400 2534 533 2605 operum
553 2511 775 2591 Melanthonis
800 2511 940 2585 editione
966 2513 1110 2606 (praeter
1137 2510 1363 2602 supplemento

210 2646 314 2718 udhuc
332 2645 469 2736 edendo)
496 2670 581 2721 enno
600 2648 705 2720 1860.
732 2647 773 2719 sd
791 2647 889 2720 finem
914 2648 1079 2740 perducto,
1106 2645 1276 2718 consilium
1291 2644 1360 2735 cepi

211 2781 293 2852 hene
317 2781 538 2855 collectionem
564 2781 611 2855 itu
640 2783 809 2872 vendendi,
836 2787 873 2856 ut
897 2783 1025 2875 integro
1051 2781 1191 2873 postelis
1204 2757 1361 2870 serretur,

209 2937 313 3008 neque
336 2939 389 2988 me
414 2919 540 2991 mortuo
564 2918 694 3010 publice
720 2917 905 2991 venditione
927 2917 1136 2990 distrahetur.
1189 2916 1255 2988 Vix
1276 2916 1361 2988 enim

207 3051 333 3122 tantum
362 3052 466 3124 denuo
502 3052 659 3146 colligere
691 3052 789 3125 elicui
815 3053 1008 3126 succederet.
1048 3053 1264 3146 Quapropter
1288 3073 1361 3124 meu

206 3185 348 3258 menime
369 3185 525 3277 interest,
546 3188 630 3260 hanc
654 3187 893 3260 Bibliothecem
920 3185 1219 3259 Melunthonienem
1236 3207 1360 3258 summe

207 3342 305 3411 opere
331 3324 499 3395 collectum
520 3322 681 3416 integrum
700 3323 885 3417 posteritati
911 3344 1049 3396 seruere.

258 3473 353 3546 Hulis
380 3474 516 3568 septimo
544 3475 623 3547 Idus
648 3476 757 3548 Murtii
786 3477 890 3550 1868.

1092 3574 1306 3684 Bineses.
1415 3537 1422 3554 '
