3142 5100
174 117 215 182 24

212 289 255 326 sus
274 275 374 336 Diasius
398 276 457 330 oder
479 278 585 339 Decius.
610 281 696 335 soiuen
716 279 851 332 leiblicheu
874 281 970 332 Broder
993 253 1129 334 iohannem
1154 255 1188 320 ¹-
1212 281 1380 348 grausamlich
1398 283 1541 336 ermordet

212 344 284 398 habe.
303 346 468 401 Gasohriebeu
481 365 528 401 rou
545 349 611 401 Phil
630 350 783 402 Melanthou.
805 353 880 404 1546.
898 354 922 402 4.

488 471 522 530 D.
539 471 671 530 Historia
692 471 728 532 de
750 472 809 532 vila
830 476 862 530 11
881 472 953 532 actis
976 473 1059 532 Mart.
1083 474 1214 534 Lutheri.

582 598 612 639 a.
627 584 722 641 latine
741 597 761 640 a
778 585 970 642 Melanthonis
990 587 1116 657 scripta.

178 672 803 727 4541111111111111111111111111.11111).
824 677 898 726 Mart.
917 675 1022 727 Lutheri
1046 705 1081 713 -
1103 675 1168 728 bona
1188 676 1238 728 fide
1263 681 1402 743 conscripta
1422 694 1439 728 1
1457 677 1532 728 Phil

213 741 382 795 Melanthone.
408 742 516 795 Adiecta
533 749 591 795 sunt
608 761 624 794 a
640 741 678 795 Jo.
696 745 828 796 Pollicano
847 747 956 797 carmina
974 746 1095 811 quaedam
1114 745 1146 798 de
1168 746 1294 798 beneficiis
1312 763 1376 813 quae
1393 746 1465 799 Deus
1485 731 1550 813 per*

212 809 348 863 Lutherum
365 812 418 864 orbi
446 819 567 865 terrarum
582 815 695 867 contulit.
720 816 782 867 Item
801 817 914 868 Disticha
941 815 1037 881 aliquot
1062 815 1093 868 de
1111 815 1184 868 Actis
1201 815 1308 869 Lutheri
1326 824 1374 871 etc.
1395 821 1473 868 1548.
1503 817 1537 868 ln

213 880 274 931 fine:
295 880 370 946 Apud
389 883 594 935 Hieraefordiam.
613 887 637 936 8.
1205 891 1209 900 “

177 953 237 1001 455.
254 951 366 1002 Historia
382 953 414 1005 de
431 956 482 1004 rita
500 956 605 1006 stactis
622 954 681 1005 Rev.
700 953 755 1005 Viri
773 955 803 1004 D.
824 955 900 1005 Mart.
919 955 1031 1015 Lutheri.
1049 953 1131 1007 Verae
1151 955 1303 1023 Thwlogiae
1321 958 1445 1016 Doctoria
1464 955 1537 1008 bona

214 1020 263 1071 lide
280 1023 426 1089 conscripta,
444 1039 459 1074 a
476 1023 543 1075 Phil.
565 1021 732 1076 Melanthone.
751 1023 909 1088 Witabergae
930 1028 1004 1076 1549.
1024 1029 1048 1077 8.

178 1093 238 1141 456.
257 1091 369 1142 Historia
397 1093 428 1144 (11
455 1095 506 1145 rita
534 1098 558 1145 et
584 1097 646 1146 actis
671 1094 744 1144 Mart.
771 1092 876 1145 Lntheri
905 1097 997 1162 scripta
1024 1111 1040 1146 a
1064 1096 1130 1147 Phil.
1155 1096 1325 1148 Melanthone.
1354 1095 1551 1178 Wittebcrgae¹

179 1231 370 1352 451511111ἕ111
393 1233 425 1284 (11
449 1235 500 1285 rita
523 1239 548 1286 11
572 1237 634 1285 actis
663 1234 692 1286 D.
719 1235 794 1286 Mart.
817 1234 921 1285 Lntheri
945 1237 1084 1302 conscripta
1111 1252 1126 1286 a
1148 1235 1215 1287 Phil.
1233 1223 1438 1288 htelanehthone.
1467 1253 1487 1288 s.
1512 1237 1529 1292 l.

179 1373 254 1421 4571.
272 1371 339 1424 Phil.
367 1373 568 1424 Melanchthonis
592 1374 624 1424 de
648 1375 698 1425 vita
721 1378 746 1424 ct
770 1375 832 1424 actis
858 1373 887 1425 D.
913 1374 989 1425 Mart.
1011 1375 1115 1426 Lutheri
1139 1377 1318 1427 commentatio.
1347 1373 1525 1441 Vitembergae
1551 1399 1552 1428 r

180 1511 317 1562 4581111
335 1513 411 1564 Mart.
429 1513 533 1565 Luthem'
553 1541 583 1552 -
607 1513 720 1566 breviter
745 1514 859 1580 exposita
881 1513 913 1565 ab
937 1516 1018 1579 ipsius
1037 1514 1133 1580 collega
1155 1513 1222 1566 Phil.
1241 1513 1442 1566 Melanchthone.
1472 1514 1521 1566 Ad-

214 1581 301 1632 iuncta
318 1589 356 1634 est
374 1583 443 1634 Petri
461 1581 596 1634 Mosellaui
614 1585 720 1635 narratio
739 1583 772 1634 de
787 1583 956 1650 disputatione
980 1585 1106 1651 lipsiensi
1124 1602 1145 1637 a.
1166 1589 1240 1636 1519.
1258 1585 1359 1636 Adiecit
1375 1585 1483 1650 praefat.
1501 1595 1526 1636 et

216 1655 335 1702 annotatt.
352 1651 444 1718 Ohrph.
464 1652 530 1718 Aug.
548 1653 687 1705 Heumann.
707 1653 814 1718 Gottiug.
836 1658 910 1704 1746.
929 1658 953 1704 4.

180 1723 240 1772 459.
260 1721 328 1774 Ρ111,
347 1722 516 1774 Melanthonis
538 1722 571 1774 (11
594 1725 646 1774 rita
671 1725 746 1774 Mart.
768 1723 872 1775 Lutheui
897 1725 1011 1774 narratio.
1037 1723 1255 1776 Reoudicuravit
1276 1724 1313 1775 Jo.
1338 1723 1405 1778 Prid.
1424 1723 1526 1776 Saxius.

215 1789 394 1856 Quodliuburgi
411 1797 435 1843 et
452 1792 520 1858 Lips.
542 1797 615 1844 1817.
635 1797 658 1846 8.

180 1864 240 1913 460,
259 1860 306 1912 Ph.
326 1861 527 1914 Melanchthouis
547 1863 579 1914 de
602 1865 654 1914 vita
671 1863 708 1914 M.
725 1863 829 1915 Lutheri
851 1865 957 1914 namatio
982 1869 1007 1914 et
1035 1865 1087 1914 vita
1106 1861 1373 1914 Ph.·Melanchthonis
1391 1863 1423 1915 ab
1439 1864 1526 1915 Joach.

217 1931 355 1984 camerano
374 1935 519 1998 conscripta.
538 1934 624 1984 Denuo
641 1933 679 1984 cd.
699 1949 713 1984 1
729 1933 751 1986 J.
768 1933 825 1986 Ghr.
843 1932 908 1984 tluil.
928 1932 1045 1998 Augusti.
1065 1931 1197 1985 Vratislar.
1210 1935 1284 1983 1819.
1302 1937 1325 1984 8.

181 2004 241 2052 481.
261 2001 328 2053 Phil.
351 2001 550 2054 Melanchthonis
568 2003 674 2054 historia
696 2003 728 2054 (11
753 2005 804 2055 vita
819 2008 844 2055 et
861 2005 924 2055 actis
942 2004 971 2055 D.
991 2004 1066 2054 Mart.
1086 2001 1197 2053 Lutheri.
1222 2001 1328 2054 Accedit
1346 2003 1425 2054 eiusd.
1446 2005 1527 2055 oratio

214 2071 247 2122 de
264 2073 375 2124 Martiuo
394 2072 503 2124 Luthero
524 2073 611 2124 uelde
630 2073 753 2144 aetatibus
776 2074 881 2126 dirersis
904 2090 933 2124 ac
956 2071 1107 2138 temporibus
1125 2071 1254 2124 Ecclesiae
1277 2078 1301 2122 et
1326 2073 1526 2126 dissensionibus

213 2141 383 2221 Ecclesiarum
402 2147 487 2194 nostro
504 2148 621 2209 tempore,
643 2144 757 2208 hcrausg.
776 2159 822 2195 ron
842 2143 871 2196 ll.
892 2143 922 2194 Ε.
943 2143 1108 2196 Perstemauu.
1132 2142 1295 2194 Nordhausen
1318 2144 1392 2194 1848.
1413 2146 1437 2194 8.

589 2247 618 2302 b.
639 2246 815 2316 germanice
830 2246 870 2301 ab
889 2245 961 2302 allis
979 2243 1111 2300 reddita.
1314 2235 1318 2249 ¹

178 2336 238 2384 462.
254 2331 315 2384 Vita
326 2331 430 2386 Lutheri
439 2335 492 2386 Von
511 2334 569 2386 dem
585 2335 670 2386 Leben
691 2335 738 2386 rud
757 2333 861 2386 Sterbeu
879 2336 908 2386 D.
927 2336 964 2386 M.
982 2326 1086 2387 [utheri
1102 2333 1267 2386 besohriebeu
1285 2333 1364 2386 durch
1382 2333 1450 2386 Phil.
1470 2335 1520 2386 Me·
1554 2339 1555 2344 ’

217 2403 366 2462 lauthouem.
393 2403 463 2456 Auss
482 2405 506 2456 d.
525 2405 579 2457 Lat.
598 2407 638 2456 ina
657 2405 767 2456 'leutsch
787 2404 905 2470 gebracht
923 2404 1003 2458 durch
1020 2404 1113 2456 Matth
1131 2405 1260 2456 Rittcrum.
1280 2421 1299 2456 1.
1317 2403 1335 2456 1
1356 2407 1429 2456 1564.
1445 2407 1470 2456 8.

180 2476 238 2524 463.
257 2472 325 2524 Phil.
344 2473 543 2526 Melanchthon’s
562 2475 708 2540 Eruthlung
725 2491 780 2527 rom
798 2473 881 2528 Leben
899 2475 928 2524 D.
947 2475 1023 2526 Mart.
1040 2473 1156 2526 Luthers.
1177 2474 1321 2526 Deberem
1343 2474 1456 2539 herauag.
1477 2490 1523 2526 von

215 2542 253 2594 Fr.
271 2543 384 2612 Theoph.
403 2545 589 2597 Zimmormann.
609 2546 660 2596 Mit
676 2543 750 2596 Aum.
769 2559 816 2597 von
834 2561 857 2597 v.
876 2543 977 2598 Villers.
996 2545 1104 2608 Gottiug.
1125 2548 1198 2598 1818.
1216 2548 1240 2596 8.
1554 2547 1556 2630 1

596 2681 1107 2846 1111111ωᾟ11111111111.

531 2899 562 2954 A.
583 2895 778 2954 Collectiones
801 2897 904 2953 harum
926 2895 1176 2954 declamationum.

181 3014 255 3062 468a.
273 3009 358 3064 Oratio
376 3011 445 3064 dicta
461 3014 487 3063 in
506 3012 592 3064 funere
610 3011 749 3063 Frideriohi
766 3010 888 3064 Saxouiae
904 3013 988 3062 Ducis.
1011 3008 1095 3062 Oratio
1116 3009 1148 3061 de
1164 3010 1282 3075 Legibus.
1310 3008 1393 3062 Oratio
1412 3008 1444 3060 (11
1461 3009 1525 3058 Gra-

215 3080 299 3133 dibus.
322 3079 449 3133 Praelatio
475 3084 501 3133 in
518 3082 653 3134 Aeschinis
677 3087 702 3133 et
718 3082 891 3133 Demosthenis
909 3083 1038 3133 orationes.
1066 3079 1149 3133 Oratio
1171 3081 1263 3134 Critiae
1287 3087 1370 3132 contra
1389 3079 1526 3130 Therame-

215 3167 272 3202 nem
288 3168 321 3203 ex
334 3153 507 3218 Xenophonte.
524 3153 592 3204 Phil.
610 3151 671 3204 Mel.
691 3164 784 3203 autore.
801 3152 934 3216 Haganoac
955 3155 1028 3204 1525.
1047 3153 1070 3203 8.

181 3226 241 3273 464.
259 3220 336 3272 Liber
352 3222 499 3274 selectarum
518 3221 724 3274 declamationum
741 3221 809 3274 Phil.
827 3221 1002 3280 Melanthonis,
1028 3235 1090 3286 quas
1109 3221 1255 3286 conscripsit
1272 3224 1297 3271 11
1315 3221 1405 3285 partim
1423 3219 1480 3284 ipse
1500 3220 1525 3268 11

215 3291 300 3343 schola
308 3291 481 3357 Vitebergeusi
499 3294 619 3352 recitauit,
639 3295 729 3357 partim
741 3291 798 3342 aliis
816 3291 954 3344 recitandas
972 3291 1095 3343 exhibuit.
1113 3289 1233 3342 Adiectae
1252 3293 1308 3341 sunt
1324 3288 1437 3340 eiusdem
1447 3289 1527 3340 Prae·

216 3361 322 3413 sationes
345 3364 373 3412 in
390 3361 486 3427 aliquot
510 3362 620 3414 illustres
639 3366 757 3416 Antores.
781 3361 846 3412 Orat.
867 3361 933 3427 Myl.
954 3365 1029 3412 1541.
1052 3361 1080 3412 Iu
1105 3361 1168 3411 fiue:
1188 3359 1402 3424 Argentoratiex
1425 3357 1526 3410 cilicina

218 3431 330 3484 Oratouis
351 3431 438 3497 Myffi,
457 3447 542 3483 mense
562 3434 662 3492 Martio.
682 3431 755 3483 Anno
775 3436 850 3483 1541.
870 3435 895 3484 4,
1199 3435 1202 3442 “

184 3506 244 3553 465.
264 3502 475 3554 Declamatiouum
490 3500 557 3553 Phil.
577 3502 742 3554 Melanthonis
759 3502 827 3555 'lom
847 3500 917 3552 1.11.
937 3499 1187 3565 nannetensis.
1207 3513 1228 3548 a.
1245 3498 1268 3547 8.
1291 3499 1305 3546 3
1325 3494 1389 3547 Voll.

183 3576 242 3623 466.
261 3572 309 3622 Ph.
328 3571 499 3623 Melanthonis
518 3586 575 3624 cum
592 3571 777 3624 Praelationnm
792 3574 819 3622 in
843 3571 962 3637 quosdam
986 3571 1097 3622 illustres
1114 3567 1235 3619 Antores:
1260 3571 1312 3617 tum
1331 3565 1474 3620 Orationem
1497 3567 1530 3618 dc

217 3641 412 3694 clarissimorum
430 3644 539 3692 uirorum
559 3644 631 3694 uitis:
652 3642 720 3693 Tom.
743 3642 775 3694 ll.
797 3647 871 3694 1544.
888 3642 917 3692 Iu
937 3641 997 3691 line:
1016 3640 1173 3704 Argentorati
1193 3641 1266 3690 1544.
1285 3639 1308 3688 8.

183 3715 242 3765 467.
259 3712 307 3764 Ph.
328 3712 499 3763 Melanthonis
517 3726 574 3762 cum
593 3711 778 3765 Praefatienum
802 3715 828 3764 in
849 3711 968 3777 quosdam
990 3709 1101 3761 illustres
1119 3707 1238 3760 Antores:
1263 3713 1316 3758 tum
1333 3706 1475 3760 Orationum
1496 3707 1532 3758 de

219 3783 413 3834 clarissimorum
431 3784 540 3833 uirorum
559 3783 621 3833 uitis
638 3782 730 3833 Tomus
747 3781 780 3832 II.
803 3785 876 3834 1548.
896 3782 923 3832 lu
941 3781 999 3832 line:
1019 3777 1177 3843 Argentorati
1198 3781 1272 3828 1546.
1293 3780 1317 3828 8.

183 3857 242 3904 468.
263 3851 489 3905 Selectissimarum
508 3852 644 3903 orationum
661 3851 829 3904 Melanthonis
850 3851 918 3902 Tom.
937 3850 982 3900 ΙΙΙ.
1000 3848 1125 3914 Erphurd.
1143 3851 1217 3899 1551.
1239 3850 1263 3898 8.
1420 3914 1426 3924 .

181 3925 244 3974 468.
260 3922 410 3975 selectarum
429 3922 642 3975 Declamatiouum
661 3922 728 3974 Phil.
744 3921 913 3972 Melanthonis
930 3949 964 3956 -
983 3920 1054 3970 Tomi
1072 3917 1140 3969 1.11.
1157 3923 1183 3969 et
1202 3918 1245 3970 IV.
1270 3915 1428 3982 Argentoratr
1448 3916 1531 3965 1558.

218 3996 242 4046 8.
262 3997 277 4044 3
296 3992 362 4044 Voll.

182 4067 241 4115 470.
259 4062 410 4114 Selectarum
428 4062 639 4115 Declamatiouum
656 4061 901 4115 PhilMelauthonis
919 4060 989 4111 Tem.
1008 4058 1028 4112 I.
1046 4057 1148 4124 Argeut.
1164 4062 1238 4110 1559.
1258 4057 1287 4108 Τ.
1299 4055 1332 4106 II.
1346 4058 1420 4106 1559.
1440 4053 1470 4104 Τ.
1477 4052 1527 4104 111.

182 4208 241 4255 471.
263 4201 414 4254 Seleotarum
436 4203 647 4254 Declamatiouum
664 4199 730 4253 Phil.
744 4199 912 4252 Melanthonis
929 4199 998 4252 Tom.
1017 4198 1035 4251 l.
1056 4197 1214 4264 Argentorati
1229 4199 1302 4246 1569.
1321 4195 1351 4245 Τ.
1362 4193 1396 4244 11.
1412 4196 1486 4245 1569.
1501 4196 1526 4245 8.

182 4277 241 4326 411.
259 4271 383 4324 Orationis
401 4279 540 4340 postremae
560 4274 666 4337 scriptae
689 4271 784 4322 aPhil.
805 4270 974 4328 Melanthone
998 4271 1119 4335 proximis
1142 4269 1212 4318 aunis
1238 4271 1294 4315 aute
1317 4264 1419 4316 obitum.
1446 4264 1527 4314 Wite-

217 4343 263 4394 ber
330 4348 404 4395 1565.
425 4346 448 4393 8.

183 4417 241 4464 418.
260 4359 472 4466 Doeeclamatiouum
491 4413 520 4462 D.
540 4411 607 4462 Phil.
628 4409 806 4468 Melanthonis,
824 4410 939 4467 omnium.
958 4423 1022 4474 quae
1032 4406 1063 4458 ab
1081 4409 1144 4473 ipso.
1162 4412 1187 4456 et
1204 4404 1270 4464 aliis,
1287 4406 1313 4454 in
1334 4402 1412 4454 Aoed.
1426 4401 1525 4482 Vuiteb.

217 4486 336 4536 recitatae
355 4499 385 4536 ac
402 4483 484 4533 editae
503 4487 567 4541 sunt,
588 4483 666 4532 —in
681 4491 732 4532 tres
748 4486 827 4532 tomos
847 4479 986 4538 distinctae,
1010 4491 1084 4544 opera
1107 4482 1132 4528 et
1152 4475 1235 4527 studio
1260 4475 1297 4524 M.
1318 4473 1371 4525 ioh.
1390 4472 1527 4523 Richardri.

218 4555 287 4604 Tem.
306 4554 325 4606 l.
343 4552 542 4617 Philosophicus.
563 4550 730 4614 Argentorati.
749 4549 812 4601 Euo.
831 4549 878 4600 Th.
897 4547 1018 4600 Rihclius.
1037 4563 1056 4599 1.
1075 4563 1098 4600 a.
1117 4545 1215 4612 (1570.)
1233 4548 1257 4595 8.
1417 4612 1421 4623 Ι
1457 4612 1462 4622 ¹

183 4627 242 4674 474.
257 4622 400 4676 Orationum
419 4637 481 4687 quas
499 4635 549 4672 rev.
569 4623 607 4672 vir
622 4622 692 4672 Dom.
709 4619 776 4671 Phil.
796 4618 942 4670 Melauthon
959 4619 1079 4682 proximis
1099 4618 1170 4667 anuis
1188 4620 1244 4665 ante
1264 4613 1357 4666 obitum
1375 4618 1483 4676 sempsit,
1502 4615 1527 4660 et

218 4709 282 4759 quae
306 4698 363 4758 post
385 4692 480 4743 obitum
504 4693 585 4758 ipsius
609 4691 635 4740 in
651 4689 789 4742 Academia
807 4687 990 4755 Witebcrgensi
1014 4689 1122 4758 scriptae
1145 4692 1170 4737 et
1196 4683 1297 4751 publico
1322 4683 1440 4734 recitatae
1462 4685 1527 4732 sunt.

219 4765 287 4817 Tom.
311 4764 339 4816 V.
359 4759 516 4826 Witebergae
538 4763 656 4814 15118.
